@misc{wikipedia,
  howpublished = {https://ja.wikipedia.org/wiki/%E9%9A%8F%E4%BC%B4%E7%8F%BE%E8%B1%A1%E8%AA%AC},
  url = {https://ja.wikipedia.org/wiki/%E9%9A%8F%E4%BC%B4%E7%8F%BE%E8%B1%A1%E8%AA%AC},
  title = {{随伴現象説 - Wikipedia}},
  note = {Accessed on Sat, March 23, 2019},
}


@misc{wikipediaa,
  howpublished = {https://ja.wikipedia.org/wiki/%E3%82%AF%E3%82%AA%E3%83%AA%E3%82%A2},
  url = {https://ja.wikipedia.org/wiki/%E3%82%AF%E3%82%AA%E3%83%AA%E3%82%A2},
  title = {{クオリア - Wikipedia}},
  note = {Accessed on Sat, March 23, 2019},
}
