@misc{wikipedia,
  howpublished = {https://ja.wikipedia.org/wiki/%E9%9A%8F%E4%BC%B4%E7%8F%BE%E8%B1%A1%E8%AA%AC},
  url = {https://ja.wikipedia.org/wiki/%E9%9A%8F%E4%BC%B4%E7%8F%BE%E8%B1%A1%E8%AA%AC},
  title = {{随伴現象説 - Wikipedia}},
  note = {Accessed on Sat, March 23, 2019},
}


@misc{wikipediaa,
  howpublished = {https://ja.wikipedia.org/wiki/%E3%82%AF%E3%82%AA%E3%83%AA%E3%82%A2},
  url = {https://ja.wikipedia.org/wiki/%E3%82%AF%E3%82%AA%E3%83%AA%E3%82%A2},
  title = {{クオリア - Wikipedia}},
  note = {Accessed on Sat, March 23, 2019},
}


@misc{wikipediab,
  howpublished = {https://ja.wikipedia.org/wiki/%E5%93%B2%E5%AD%A6%E7%9A%84%E3%82%BE%E3%83%B3%E3%83%93},
  url = {https://ja.wikipedia.org/wiki/%E5%93%B2%E5%AD%A6%E7%9A%84%E3%82%BE%E3%83%B3%E3%83%93},
  title = {{哲学的ゾンビ - Wikipedia}},
  note = {Accessed on Sat, March 23, 2019},
}


@misc{wikipediac,
  howpublished = {https://en.wikipedia.org/wiki/Neural_coding},
  url = {https://en.wikipedia.org/wiki/Neural_coding},
  title = {{Neural coding - Wikipedia}},
  note = {Accessed on Sun, March 24, 2019},
}


@article{Meyers_2018,
  doi = {10.1152/jn.00225.2018},
  url = {https://doi.org/10.1152%2Fjn.00225.2018},
  year = {2018},
  month = {nov},
  publisher = {American Physiological Society},
  volume = {120},
  number = {5},
  pages = {2260--2268},
  author = {Ethan M. Meyers},
  title = {{Dynamic population coding and its relationship to working memory}},
  journal = {Journal of Neurophysiology},
}


@article{Murray_2016,
  doi = {10.1073/pnas.1619449114},
  url = {https://doi.org/10.1073%2Fpnas.1619449114},
  year = {2016},
  month = {dec},
  publisher = {Proceedings of the National Academy of Sciences},
  volume = {114},
  number = {2},
  pages = {394--399},
  author = {John D. Murray and Alberto Bernacchia and Nicholas A. Roy and Christos Constantinidis and Ranulfo Romo and Xiao-Jing Wang},
  title = {{Stable population coding for working memory coexists with heterogeneous neural dynamics in prefrontal cortex}},
  journal = {Proceedings of the National Academy of Sciences},
}
